<record><leader>00000cas a22000007a 4500</leader><controlfield tag="001">16274866</controlfield><controlfield tag="008">870724d19uu1928paudn ne      0    0eng d</controlfield><datafield ind1=" " ind2=" " tag="010"><subfield code="a">sn 87080447 </subfield></datafield><datafield ind1=" " ind2=" " tag="040"><subfield code="a">NPH</subfield><subfield code="b">eng</subfield><subfield code="c">NPH</subfield><subfield code="d">OCLCQ</subfield></datafield><datafield ind1=" " ind2=" " tag="042"><subfield code="a">msc</subfield></datafield><datafield ind1="0" ind2=" " tag="130"><subfield code="a">Morning telegraph (Brownsville, Pa.)</subfield></datafield><datafield ind1="1" ind2="4" tag="245"><subfield code="a">The morning telegraph.</subfield></datafield><datafield ind1=" " ind2=" " tag="260"><subfield code="a">Brownsville, Pa. :</subfield><subfield code="b">Brownsville Pub. Co.,</subfield><subfield code="c">-1928.</subfield></datafield><datafield ind1=" " ind2=" " tag="300"><subfield code="a">v.</subfield></datafield><datafield ind1=" " ind2=" " tag="310"><subfield code="a">Daily (except Sunday)</subfield></datafield><datafield ind1="0" ind2=" " tag="362"><subfield code="a">-v. 2, no. 279 (Nov. 29, 1928&gt;.</subfield></datafield><datafield ind1=" " ind2=" " tag="580"><subfield code="a">Issued also in an evening ed.: Brownsville evening telegraph.</subfield></datafield><datafield ind1=" " ind2=" " tag="588"><subfield code="a">Description based on: Vol. 1, no. 143 (June 16, 1927).</subfield></datafield><datafield ind1=" " ind2=" " tag="752"><subfield code="a">United States</subfield><subfield code="b">Pennsylvania</subfield><subfield code="c">Fayette</subfield><subfield code="d">Brownsville.</subfield></datafield><datafield ind1="1" ind2=" " tag="775"><subfield code="t">Brownsville evening telegraph</subfield><subfield code="w">(DLC)sn 87080448</subfield></datafield><datafield ind1="1" ind2=" " tag="775"><subfield code="t">Brownsville telgraph</subfield><subfield code="w">(DLC)sn 86083170</subfield></datafield></record>